<record><leader>02188nam a2200505oi 4500</leader><controlfield tag="001">6773880</controlfield><controlfield tag="003">CaONFJC</controlfield><controlfield tag="005">20141202022104.0</controlfield><controlfield tag="006">m        d        </controlfield><controlfield tag="007">cr||n|||||||||</controlfield><controlfield tag="008">140423s2015    enka    ob    001 0 eng d</controlfield><datafield ind1=" " ind2=" " tag="020"><subfield code="a">9780415730778 (paperback)</subfield></datafield><datafield ind1=" " ind2=" " tag="020"><subfield code="a">0415730775 (paperback)</subfield></datafield><datafield ind1=" " ind2=" " tag="020"><subfield code="a">9781315849928 (ebook)</subfield></datafield><datafield ind1=" " ind2=" " tag="020"><subfield code="a">1315849925 (ebook)</subfield></datafield><datafield ind1=" " ind2=" " tag="020"><subfield code="a">9781317911302 (ebook)</subfield></datafield><datafield ind1=" " ind2=" " tag="020"><subfield code="a">131791130X (ebook)</subfield></datafield><datafield ind1=" " ind2=" " tag="020"><subfield code="a">9781322327105 (MyiLibrary)</subfield></datafield><datafield ind1=" " ind2=" " tag="037"><subfield code="a">663992</subfield><subfield code="b">MIL</subfield></datafield><datafield ind1=" " ind2=" " tag="039"><subfield code="a">exclude</subfield></datafield><datafield ind1=" " ind2=" " tag="040"><subfield code="a">CaONFJC</subfield><subfield code="c">CaONFJC</subfield><subfield code="e">rda</subfield><subfield code="d">AEU</subfield></datafield><datafield ind1=" " ind2=" " tag="043"><subfield code="a">e-uk---</subfield></datafield><datafield ind1="0" ind2="4" tag="050"><subfield code="a">TP690.6</subfield><subfield code="b">I64 2015eb</subfield></datafield><datafield ind1="0" ind2="4" tag="082"><subfield code="a">338.2/728</subfield><subfield code="2">23</subfield></datafield><datafield ind1=" " ind2=" " tag="090"><subfield code="a">Internet Access</subfield><subfield code="b">AEGMCT</subfield></datafield><datafield ind1=" " ind2=" " tag="091"><subfield code="a">DO NOT ADD TO THIS RECORD - PSA PROJECT</subfield></datafield><datafield ind1="0" ind2="0" tag="245"><subfield code="a">Introduction to oil and gas operational safety.</subfield><subfield code="p">Revision guide for the NEBOSH international technical certificate in oil and gas operational safety /</subfield><subfield code="c">Wise Global Training.</subfield></datafield><datafield ind1="3" ind2="0" tag="246"><subfield code="a">Revision guide for the NEBOSH international technical certificate in oil and gas operational safety</subfield></datafield><datafield ind1=" " ind2="1" tag="264"><subfield code="a">Abingdon, Oxon ;</subfield><subfield code="a">New York :</subfield><subfield code="b">Routledge,</subfield><subfield code="c">2015.</subfield></datafield><datafield ind1=" " ind2=" " tag="300"><subfield code="a">1 online resource (xvi, 288 pages) :</subfield><subfield code="b">illustrations</subfield></datafield><datafield ind1=" " ind2=" " tag="336"><subfield code="a">text</subfield><subfield code="b">txt</subfield><subfield code="2">rdacontent</subfield></datafield><datafield ind1=" " ind2=" " tag="337"><subfield code="a">computer</subfield><subfield code="b">c</subfield><subfield code="2">rdamedia</subfield></datafield><datafield ind1=" " ind2=" " tag="338"><subfield code="a">online resource</subfield><subfield code="b">cr</subfield><subfield code="2">rdacarrier</subfield></datafield><datafield ind1=" " ind2=" " tag="504"><subfield code="a">Includes bibliographical references and index.</subfield></datafield><datafield ind1=" " ind2=" " tag="506"><subfield code="a">Access restricted to authorized users and institutions.</subfield></datafield><datafield ind1=" " ind2=" " tag="588"><subfield code="a">Description based on print version record.</subfield></datafield><datafield ind1=" " ind2=" " tag="596"><subfield code="a">57</subfield></datafield><datafield ind1="2" ind2="0" tag="610"><subfield code="a">National Examination Board in Occupational Safety and Health</subfield><subfield code="x">Examinations</subfield><subfield code="v">Study guides.</subfield></datafield><datafield ind1=" " ind2="0" tag="650"><subfield code="a">Petroleum industry and trade</subfield><subfield code="x">Safety measures</subfield><subfield code="x">Examinations</subfield><subfield code="v">Study guides.</subfield></datafield><datafield ind1=" " ind2="0" tag="650"><subfield code="a">Petroleum engineering</subfield><subfield code="x">Safety measures</subfield><subfield code="x">Examinations</subfield><subfield code="v">Study guides.</subfield></datafield><datafield ind1=" " ind2="0" tag="650"><subfield code="a">Petroleum engineers</subfield><subfield code="x">Certification.</subfield></datafield><datafield ind1="2" ind2=" " tag="710"><subfield code="a">Wise Global Traing.</subfield></datafield><datafield ind1="4" ind2="0" tag="856"><subfield code="3">MacEwan University Access</subfield><subfield code="u">http://lib.myilibrary.com/detail.asp?ID=663992</subfield><subfield code="z">(Single User Access)</subfield></datafield><datafield ind1=" " ind2=" " tag="949"><subfield code="w">ORDER</subfield><subfield code="h">UAIN</subfield><subfield code="m">GR_MAC_INT</subfield><subfield code="z">MILGMPSA</subfield></datafield><datafield ind1=" " ind2=" " tag="926"><subfield code="a">Internet Access</subfield><subfield code="w">ORDER</subfield><subfield code="c">1</subfield><subfield code="i">6773880-1001</subfield><subfield code="l">INTERNET</subfield><subfield code="m">GR_MAC_INT</subfield><subfield code="r">Y</subfield><subfield code="s">Y</subfield><subfield code="t">E-RESOURCE</subfield><subfield code="u">1/12/2015</subfield><subfield code="x">E-BOOK</subfield><subfield code="z">MILGMPSA</subfield></datafield></record>